@book{fayyad1996advances,
  title={Advances in knowledge discovery and data mining},
  author={Fayyad, Usama M and Piatetsky-Shapiro, Gregory and Smyth, Padhraic and Uthurusamy, Ramasamy},
  volume={21},
  year={1996},
  publisher={AAAI press Menlo Park}
}

@book{tijms1994stochastic,
  title={Stochastic models: an algorithmic approach},
  author={Tijms, Henk C},
  volume={303},
  year={1994},
  publisher={John Wiley \& Sons Inc}
}

@article{banfield1993model,
  title={Model-based Gaussian and non-Gaussian clustering},
  author={Banfield, Jeffrey D and Raftery, Adrian E},
  journal={Biometrics},
  pages={803--821},
  year={1993},
  publisher={JSTOR}
}

@inproceedings{bradley1998scaling,
  title={Scaling Clustering Algorithms to Large Databases.},
  author={Bradley, Paul S and Fayyad, Usama M and Reina, Cory and others},
  booktitle={KDD},
  pages={9--15},
  year={1998}
}


@book{kaufman2009finding,
  title={Finding groups in data: an introduction to cluster analysis},
  author={Kaufman, Leonard and Rousseeuw, Peter J},
  volume={344},
  year={2009},
  publisher={John Wiley \& Sons}
}
